%% Saved with string encoding Unicode (UTF-8) 

@misc{ DB2,
   author = "Ibm",
   title = "http://www.ibm.com/software/data/db2/ DB2 homepage",
   year = "2008",
   Url = "\url{http://www.ibm.com/software/data/db2/}"
}

@misc{ SQLServer2005,
   author = "Microsoft",
   title = "http://www.microsoft.com/sql/default.mspx Sql server 2005 homepage",
   year = "2008",
   url = "\url{http://www.microsoft.com/sql/default.mspx}"
}

@misc{ Wikipedia,
   author = "Wikipedia",
   title = "http://it.wikipedia.org",
   year = "2008",
   Url = "\url{http://it.wikipedia.org}"
}

@misc{ ingres,
   author = "Ingres",
   title = "http://www.ingres.com/",
   year = "2008",
   Url = "\url{http://www.ingres.com/}"
}

@misc{ LDAP,
   author = "Wikipedia",
   title = "LDAP - http://it.wikipedia.org/wiki/Lightweight\_Directory\_Access\_Protocol",
   year = "2008",
   Url = "\url{http://it.wikipedia.org/wiki/Lightweight\_Directory\_Access\_Protocol}"
}

@misc{ SSIS,
   author = "Microsoft",
   title = "SQL Server Integration Services - http://www.microsoft.com/italy/server/sql/technologies/integration/default.mspx",
   year = "2008",
   Url = "\url{http://www.microsoft.com/italy/server/sql/technologies/integration/default.mspx}"
}
